@inproceedings{atterton2007,
	author    = {Atterton, J. and Dadgostar, F. and Towers, S.},
	title     = {Using browser-based security to deter cheating in online exams},
	booktitle = {Proceedings of the 7th IEEE International Conference on Advanced Learning Technologies (ICALT 2007)},
	year      = {2007},
	pages     = {820--821}
}

@article{brown2020,
	author    = {Brown, T. B. and Mann, B. and Ryder, N. and Subbiah, M. and Kaplan, J. and Dhariwal, P. and others},
	title     = {Language models are few-shot learners},
	journal   = {Advances in Neural Information Processing Systems},
	volume    = {33},
	year      = {2020},
	pages     = {1877--1901}
}

@inproceedings{deterding2011,
	author    = {Deterding, S. and Dixon, D. and Khaled, R. and Nacke, L.},
	title     = {From game design elements to gamefulness: Defining “gamification”},
	booktitle = {Proceedings of the 15th International Academic MindTrek Conference},
	year      = {2011},
	pages     = {9--15}
}

@article{fredricks2004,
	author    = {Fredricks, J. A. and Blumenfeld, P. C. and Paris, A. H.},
	title     = {School engagement: Potential of the concept, state of the evidence},
	journal   = {Review of Educational Research},
	volume    = {74},
	number    = {1},
	year      = {2004},
	pages     = {59--109}
}

@article{gierl2013,
	author    = {Gierl, M. J. and Lai, H.},
	title     = {Using automatic item generation to create items for assessing cognitive skills},
	journal   = {Educational Technology},
	volume    = {53},
	number    = {5},
	year      = {2013},
	pages     = {26--31}
}

@inproceedings{hamari2014,
	author    = {Hamari, J. and Koivisto, J. and Sarsa, H.},
	title     = {Does gamification work? A literature review of empirical studies on gamification},
	booktitle = {Proceedings of the 47th Hawaii International Conference on System Sciences},
	year      = {2014},
	pages     = {3025--3034}
}

@book{kapp2012,
	author    = {Kapp, K. M.},
	title     = {The gamification of learning and instruction: Game-based methods and strategies for training and education},
	publisher = {John Wiley \& Sons},
	year      = {2012}
}

@article{lee2011,
	author    = {Lee, Y. and Choi, J.},
	title     = {A review of online course dropout research: Implications for practice and future research},
	journal   = {Educational Technology Research and Development},
	volume    = {59},
	number    = {5},
	year      = {2011},
	pages     = {593--618}
}

@book{newman2015,
	author    = {Newman, S.},
	title     = {Building microservices: Designing fine-grained systems},
	publisher = {O'Reilly Media, Inc.},
	year      = {2015}
}

@article{ullah2021,
	author    = {Ullah, A. and Xiao, H. and Barker, T.},
	title     = {A survey on the security and privacy of online proctoring},
	journal   = {Journal of Surveillance, Security and Safety},
	volume    = {2},
	number    = {3},
	year      = {2021},
	pages     = {127--143}
}

@article{zawacki2019,
	author    = {Zawacki-Richter, O. and Marín, V. I. and Bond, M. and Gouverneur, F.},
	title     = {Systematic review of research on artificial intelligence applications in higher education – where are the educators?},
	journal   = {International Journal of Educational Technology in Higher Education},
	volume    = {16},
	number    = {1},
	year      = {2019},
	pages     = {39}
}
